@online{recomendaciones,
  author = {ETSIINF},
  title = {Recomendaciones sobre el contenido de la Memoria Final},
  year = {2017},
  url = {http://www.fi.upm.es/?pagina=1475},
  urldate = {2017-01-01}
}

@book{stallings2006,
  title =        {Computer Organization and Architecture},
  author =       {William Stallings},
  year =         2006,
  publisher =    {Prentice Hall}
}
