@online{recomendaciones,
  author = {ETSIINF},
  title = {Recomendaciones sobre el contenido de la Memoria Final},
  year = {2017},
  url = {http://www.fi.upm.es/?pagina=1475},
  urldate = {2023-06-01}
}

@online{bibtex,
  author = {Alexander Feder},
  title = {BibTeX.org},
  year = {2006},
  url = {http://www.bibtex.org},
  urldate = {2023-06-01}
}

@book{stallings2006,
  title =        {Computer Organization and Architecture},
  author =       {William Stallings},
  year =         2006,
  publisher =    {Prentice Hall}
}
